<record><leader>00000cas a2200000 a 4500</leader><controlfield tag="001">8177762</controlfield><controlfield tag="008">820220d18371914laudr ne      0    0eng c</controlfield><datafield ind1=" " ind2=" " tag="010"><subfield code="a">sn 83045371 </subfield></datafield><datafield ind1=" " ind2=" " tag="040"><subfield code="a">LNU</subfield><subfield code="b">eng</subfield><subfield code="c">LNU</subfield><subfield code="d">NPW</subfield><subfield code="d">DLC</subfield><subfield code="d">NPV</subfield><subfield code="d">NPA</subfield><subfield code="d">NPY</subfield><subfield code="d">NPU</subfield><subfield code="d">NPX</subfield><subfield code="d">PPM</subfield><subfield code="d">DLC</subfield><subfield code="d">LNP</subfield><subfield code="d">KNP</subfield><subfield code="d">LNP</subfield><subfield code="d">NLG</subfield><subfield code="d">YOX</subfield><subfield code="d">MFN</subfield><subfield code="d">ANU</subfield><subfield code="d">KNP</subfield><subfield code="d">MGN</subfield><subfield code="d">YOX</subfield><subfield code="d">CNK</subfield><subfield code="d">NVK</subfield><subfield code="d">FUG</subfield><subfield code="d">NVF</subfield><subfield code="d">OCL</subfield><subfield code="d">NVF</subfield><subfield code="d">FUG</subfield><subfield code="d">IUL</subfield><subfield code="d">NYS</subfield><subfield code="d">DLC</subfield><subfield code="d">KRTAS</subfield><subfield code="d">CUI</subfield><subfield code="d">OCLCQ</subfield><subfield code="d">OCLCF</subfield><subfield code="d">OCLCO</subfield></datafield><datafield ind1="1" ind2=" " tag="029"><subfield code="a">AU@</subfield><subfield code="b">000020415963</subfield></datafield><datafield ind1=" " ind2=" " tag="042"><subfield code="a">pcc</subfield></datafield><datafield ind1=" " ind2=" " tag="043"><subfield code="a">n-us-la</subfield></datafield><datafield ind1="0" ind2="0" tag="050"><subfield code="a">Newspaper 7946-X</subfield></datafield><datafield ind1=" " ind2="4" tag="050"><subfield code="a">AN</subfield></datafield><datafield ind1="0" ind2=" " tag="130"><subfield code="a">Daily picayune (New Orleans, La. : 1837)</subfield></datafield><datafield ind1="1" ind2="4" tag="245"><subfield code="a">The daily picayune.</subfield></datafield><datafield ind1=" " ind2=" " tag="260"><subfield code="a">New Orleans, La. :</subfield><subfield code="b">F.A. Lumsden &amp; G.W. Kendall,</subfield><subfield code="c">1837-1914.</subfield></datafield><datafield ind1=" " ind2=" " tag="300"><subfield code="a">v. ;</subfield><subfield code="c">55 cm.</subfield></datafield><datafield ind1=" " ind2=" " tag="310"><subfield code="a">Daily,</subfield><subfield code="b">Sept. 28, 1874-1914</subfield></datafield><datafield ind1=" " ind2=" " tag="321"><subfield code="a">Daily (except Monday),</subfield><subfield code="b">1837-Oct. 27, 1872</subfield></datafield><datafield ind1=" " ind2=" " tag="321"><subfield code="a">Daily,</subfield><subfield code="b">Oct. 28, 1872-Oct. 20, 1873</subfield></datafield><datafield ind1=" " ind2=" " tag="321"><subfield code="a">Daily (except Monday),</subfield><subfield code="b">Oct. 21, 1873-Sept. 27, 1874</subfield></datafield><datafield ind1="0" ind2=" " tag="362"><subfield code="a">Vol. 1, no. 236 (Nov. 2, 1837)-v. 78, no. 71 (Apr. 5, 1914).</subfield></datafield><datafield ind1=" " ind2=" " tag="500"><subfield code="a">Special carnival issues published annually during Mardi Gras.</subfield></datafield><datafield ind1=" " ind2=" " tag="500"><subfield code="a">Publisher varies: Kendall, Holbrook &amp; Co., Nov. 13, 1860-Dec. 5, 1863; A.M. Holbrook, Dec. 6, 1863-Dec. 3, 1865; Kendall, Holbrook &amp; Co., Dec. 3, 1865-&lt;1866&gt;</subfield></datafield><datafield ind1=" " ind2=" " tag="530"><subfield code="a">Also issued on microfilm from Micro Photo Division, Bell and Howell Co. and the Library of Congress, Photoduplication Service.</subfield></datafield><datafield ind1=" " ind2=" " tag="580"><subfield code="a">Merged with: Times-democrat (New Orleans, La. : 1881); to form: Times-democrat, the daily picayune.</subfield></datafield><datafield ind1=" " ind2=" " tag="580"><subfield code="a">Weekly eds.: Weekly picayune (New Orleans, La. : 1838), 1838-&lt;1892&gt;, and: Weekly picayune (New Orleans, La. : 1859 : Calif. steamer ed.), &lt;1859&gt;.</subfield></datafield><datafield ind1=" " ind2=" " tag="580"><subfield code="a">Semiweekly ed.: Twice-a-week New Orleans picayune, &lt;1901&gt;-1914.</subfield></datafield><datafield ind1=" " ind2=" " tag="580"><subfield code="a">Daily eds.: Daily picayune (New Orleans, La. : Evening ed.), 1848-&lt;1884&gt;, and: Daily picayune (New Orleans, La. : California ed.), 1849-&lt;1850&gt;.</subfield></datafield><datafield ind1=" " ind2="0" tag="651"><subfield code="a">New Orleans (La.)</subfield><subfield code="v">Newspapers.</subfield></datafield><datafield ind1=" " ind2="0" tag="651"><subfield code="a">Orleans Parish (La.)</subfield><subfield code="v">Newspapers.</subfield></datafield><datafield ind1=" " ind2="7" tag="655"><subfield code="a">Newspapers.</subfield><subfield code="2">fast</subfield><subfield code="0">(OCoLC)fst01423814</subfield></datafield><datafield ind1=" " ind2="7" tag="651"><subfield code="a">Louisiana</subfield><subfield code="z">New Orleans.</subfield><subfield code="2">fast</subfield><subfield code="0">(OCoLC)fst01204311</subfield></datafield><datafield ind1=" " ind2="7" tag="651"><subfield code="a">Louisiana</subfield><subfield code="z">Orleans Parish.</subfield><subfield code="2">fast</subfield><subfield code="0">(OCoLC)fst01223094</subfield></datafield><datafield ind1=" " ind2=" " tag="752"><subfield code="a">United States</subfield><subfield code="b">Louisiana</subfield><subfield code="c">Orleans</subfield><subfield code="d">New Orleans.</subfield></datafield><datafield ind1="1" ind2=" " tag="775"><subfield code="t">Weekly picayune (New Orleans, La. : 1838)</subfield><subfield code="w">(DLC)sn 83016597</subfield><subfield code="w">(OCoLC)9912460</subfield></datafield><datafield ind1="1" ind2=" " tag="775"><subfield code="t">Twice-a-week New Orleans picayune</subfield><subfield code="w">(DLC)sn 88064706</subfield><subfield code="w">(OCoLC)18939031</subfield></datafield><datafield ind1="1" ind2=" " tag="775"><subfield code="t">Weekly picayune (New Orleans, La. : 1859 : Calif. steamer ed.)</subfield><subfield code="w">(DLC)sn 95067609</subfield></datafield><datafield ind1="1" ind2=" " tag="775"><subfield code="t">Daily picayune (New Orleans, La. : Evening ed.)</subfield><subfield code="w">(DLC)sn 85038559</subfield><subfield code="w">(OCoLC)12737669</subfield></datafield><datafield ind1="1" ind2=" " tag="775"><subfield code="t">Daily picayune (New Orleans, La. : California ed.)</subfield><subfield code="w">(DLC)sn 89059341</subfield><subfield code="w">(OCoLC)20366381</subfield></datafield><datafield ind1="1" ind2=" " tag="776"><subfield code="c">(Microfilm)</subfield><subfield code="d">Bell and Howell</subfield><subfield code="w">(OCoLC)8450748</subfield></datafield><datafield ind1="1" ind2=" " tag="776"><subfield code="c">(Microfilm)</subfield><subfield code="d">Library of Congress</subfield><subfield code="w">(DLC)  2001229031</subfield><subfield code="w">(OCoLC)45994863</subfield></datafield><datafield ind1="0" ind2="8" tag="776"><subfield code="i">Online version:</subfield><subfield code="t">Daily picayune (New Orleans, La. : 1837 : Online)</subfield><subfield code="w">(OCoLC)192107256</subfield></datafield><datafield ind1="0" ind2="0" tag="780"><subfield code="t">Picayune (New Orleans, La.)</subfield><subfield code="w">(DLC)sn 83045372</subfield><subfield code="w">(OCoLC)9542095</subfield></datafield><datafield ind1="0" ind2="5" tag="780"><subfield code="t">New Orleans delta (New Orleans, La. : Daily)</subfield><subfield code="g">May 7, 1893</subfield><subfield code="w">(DLC)sn 89059381</subfield><subfield code="w">(OCoLC)20384117</subfield></datafield><datafield ind1="0" ind2="5" tag="780"><subfield code="t">New Orleans delta (New Orleans, La. : Semiweekly)</subfield></datafield><datafield ind1="1" ind2="7" tag="785"><subfield code="t">Times-democrat (New Orleans, La. : 1881)</subfield><subfield code="w">(DLC)sn 83016709</subfield></datafield><datafield ind1="1" ind2="7" tag="785"><subfield code="t">Times-democrat, the daily picayune</subfield><subfield code="w">(DLC)sn 83045374</subfield><subfield code="w">(OCoLC)9542061</subfield></datafield><datafield ind1=" " ind2=" " tag="938"><subfield code="a">Kirtas Technologies, Inc.</subfield><subfield code="b">KRTS</subfield><subfield code="n">735911</subfield></datafield></record>